@article{黄秦安2001数学文化观念下的数学素质教育,
  title={数学文化观念下的数学素质教育},
  author={黄秦安},
  journal={数学教育学报},
  volume={10},
  number={3},
  pages={12--17},
  year={2001}
}
@article{史宁中2011漫谈数学的基本思想,
  title={漫谈数学的基本思想},
  author={史宁中},
  journal={数学教育学报},
  volume={20},
  number={4},
  pages={8},
  year={2011}
}
@article{李大潜2008数学文化与数学教养,
  title={数学文化与数学教养},
  author={李大潜},
  journal={中国大学教学},
  volume={10},
  pages={4--8},
  year={2008}
}
@book{才翰2006数学教育心理学,
  title={数学教育心理学},
  author={才翰 and 建跃},
  year={2006},
  publisher={北京师范大学出版社}
}

